<record><leader>00000cas a22000007a 4500</leader><controlfield tag="001">15699582</controlfield><controlfield tag="008">870518d19091969inucr ne      0    0eng d</controlfield><controlfield tag="009">5452</controlfield><datafield ind1=" " ind2=" " tag="010"><subfield code="a">sn 87056205 </subfield></datafield><datafield ind1=" " ind2=" " tag="040"><subfield code="a">NPI</subfield><subfield code="b">eng</subfield><subfield code="c">NPI</subfield></datafield><datafield ind1=" " ind2=" " tag="042"><subfield code="a">msc</subfield></datafield><datafield ind1="0" ind2=" " tag="130"><subfield code="a">Auburn courier (Auburn, Ind. : 1909)</subfield></datafield><datafield ind1="0" ind2="4" tag="245"><subfield code="a">The Auburn courier.</subfield></datafield><datafield ind1=" " ind2=" " tag="260"><subfield code="a">Auburn, Ind. :</subfield><subfield code="b">[Courier Co., Inc.],</subfield><subfield code="c">1909-</subfield></datafield><datafield ind1=" " ind2=" " tag="310"><subfield code="a">Semiweekly</subfield></datafield><datafield ind1="0" ind2=" " tag="362"><subfield code="a">Vol. 1, no. 1 (Jan. 18, 1909)-v. 1, no. 7 (Feb. 8, 1909) ; 41st year, no. 8 (Feb. 11, 1909)-</subfield></datafield><datafield ind1="1" ind2=" " tag="362"><subfield code="a">Ceased in May 1969.</subfield></datafield><datafield ind1=" " ind2=" " tag="500"><subfield code="a">Publisher from Jan. 21, 1909 issue.</subfield></datafield><datafield ind1=" " ind2=" " tag="580"><subfield code="a">Also published in a daily ed. called: The Auburn daily courier.</subfield></datafield><datafield ind1=" " ind2=" " tag="752"><subfield code="a">United States</subfield><subfield code="b">Indiana</subfield><subfield code="c">De Kalb</subfield><subfield code="d">Auburn.</subfield></datafield><datafield ind1="1" ind2=" " tag="775"><subfield code="t">Auburn daily courier</subfield><subfield code="w">(DLC)sn 87056201</subfield></datafield><datafield ind1="0" ind2="0" tag="780"><subfield code="t">Auburn weekly courier</subfield><subfield code="w">(DLC)sn 87056204</subfield></datafield><datafield ind1="0" ind2="4" tag="785"><subfield code="t">Evening star (Auburn, Ind.)</subfield><subfield code="w">(DLC)Sn 87056203</subfield></datafield></record>